<?xml version="1.0" encoding="UTF-8"?><record xmlns="http://www.loc.gov/MARC21/slim" xmlns:cinclude="http://apache.org/cocoon/include/1.0" xmlns:zs="http://www.loc.gov/zing/srw/">
  <leader>01253nz  a2200229n  4500</leader>
  <controlfield tag="001">no2015107742</controlfield>
  <controlfield tag="003">DLC</controlfield>
  <controlfield tag="005">20150814073558.0</controlfield>
  <controlfield tag="008">150813n| azannaabn          |a aaa      </controlfield>
  <datafield tag="010" ind1=" " ind2=" ">
    <subfield code="a">no2015107742</subfield>
  </datafield>
  <datafield tag="035" ind1=" " ind2=" ">
    <subfield code="a">(OCoLC)oca10243541</subfield>
  </datafield>
  <datafield tag="040" ind1=" " ind2=" ">
    <subfield code="a">Nz</subfield>
    <subfield code="b">eng</subfield>
    <subfield code="e">rda</subfield>
    <subfield code="c">Nz</subfield>
  </datafield>
  <datafield tag="046" ind1=" " ind2=" ">
    <subfield code="f">1923</subfield>
    <subfield code="g">2014</subfield>
  </datafield>
  <datafield tag="100" ind1="1" ind2=" ">
    <subfield code="a">Mason, Alan P.</subfield>
    <subfield code="q">(Alan Patrick),</subfield>
    <subfield code="d">1923-2014</subfield>
  </datafield>
  <datafield tag="374" ind1=" " ind2=" ">
    <subfield code="a">Geologists</subfield>
    <subfield code="2">lcsh</subfield>
  </datafield>
  <datafield tag="375" ind1=" " ind2=" ">
    <subfield code="a">male</subfield>
  </datafield>
  <datafield tag="377" ind1=" " ind2=" ">
    <subfield code="a">eng</subfield>
  </datafield>
  <datafield tag="378" ind1=" " ind2=" ">
    <subfield code="q">Alan Patrick</subfield>
  </datafield>
  <datafield tag="400" ind1="1" ind2=" ">
    <subfield code="a">Mason, A. P.</subfield>
    <subfield code="q">(Alan Patrick),</subfield>
    <subfield code="d">1923-2014</subfield>
  </datafield>
  <datafield tag="670" ind1=" " ind2=" ">
    <subfield code="a">The status of Gideon Mantell's "first" iguanodon tooth in the Museum of New Zealand Te Papa Tongarewa, 1997:</subfield>
    <subfield code="b">title page (Alan P. Mason)</subfield>
  </datafield>
  <datafield tag="670" ind1=" " ind2=" ">
    <subfield code="a">International Commission on the History Geological Sciences. Annual record, 2015:</subfield>
    <subfield code="b">page 47 (Alan Mason 1923-2014) Alan Patrick Mason; grew up in Auckland; enrolled at Auckland University College in 1941 to study for a BSc majoring in Geology; worked as a student assistant for the New Zealand Geological Survey in Northland; completed his MSc degree in 1948, then went to work for family business; Mason Brothers Engineering; assistant geologist at the Auckland War Memorial Museum)</subfield>
  </datafield>
  <datafield tag="670" ind1=" " ind2=" ">
    <subfield code="a">Lapiez and solution pits in basalts at Hokianga, New Zealand, 1948:</subfield>
    <subfield code="b">title page (A.P. Mason)</subfield>
  </datafield>
</record>